
@article{DBLP:journals/corr/abs-1804-02900,
  author    = {Yifan Wang and
               Federico Perazzi and
               Brian McWilliams and
               Alexander Sorkine{-}Hornung and
               Olga Sorkine{-}Hornung and
               Christopher Schroers},
  title     = {A Fully Progressive Approach to Single-Image Super-Resolution},
  journal   = {CoRR},
  volume    = {abs/1804.02900},
  year      = {2018},
  url       = {http://arxiv.org/abs/1804.02900},
  archivePrefix = {arXiv},
  eprint    = {1804.02900},
  timestamp = {Mon, 13 Aug 2018 16:46:11 +0200},
  biburl    = {https://dblp.org/rec/bib/journals/corr/abs-1804-02900},
  bibsource = {dblp computer science bibliography, https://dblp.org}
}


@article{DBLP:journals/corr/LedigTHCATTWS16,
  author    = {Christian Ledig and
               Lucas Theis and
               Ferenc Huszar and
               Jose Caballero and
               Andrew P. Aitken and
               Alykhan Tejani and
               Johannes Totz and
               Zehan Wang and
               Wenzhe Shi},
  title     = {Photo-Realistic Single Image Super-Resolution Using a Generative Adversarial
               Network},
  journal   = {CoRR},
  volume    = {abs/1609.04802},
  year      = {2016},
  url       = {http://arxiv.org/abs/1609.04802},
  archivePrefix = {arXiv},
  eprint    = {1609.04802},
  timestamp = {Mon, 13 Aug 2018 16:48:38 +0200},
  biburl    = {https://dblp.org/rec/bib/journals/corr/LedigTHCATTWS16},
  bibsource = {dblp computer science bibliography, https://dblp.org}
}